%%
%% WinShell 3.3.2.4
%% http://www.winshell.org/
%%

% Strings


% Preamble


% BibTeX Entries
@book{basicbaker,
 author               = {Baker, Frank B},
 publisher            = {ERIC},
 title                = {The basics of item response theory},
 year                 = {2001},
 }

@article{blackart,
 author               = {Yudelson, Michael and Pavlik, Philip and Koedinger, Kenneth},
 journal              = {User Modeling, Adaption and Personalization},
 pages                = {317--328},
 publisher            = {Springer},
 title                = {User Modeling--A Notoriously Black Art},
 year                 = {2011},
 }

@inproceedings{dynamiccognitivetracing,
 author               = {Gonz{\'a}lez-Brenes, J.P. and Mostow, J.},
 booktitle            = {Proceedings of the Fifth International Conference on Educational Data Mining},
 title                = {Dynamic Cognitive Tracing: Towards Unified Discovery of Student and Cognitive Models},
 year                 = {2012},
 }

@inproceedings{eirt,
 address              = {New York, NY, USA},
 author               = {Roijers, Diederik M. and Jeuring, Johan and Feelders, Ad},
 booktitle            = {Proceedings of the 2nd International Conference on Learning Analytics and Knowledge},
 isbn                 = {978-1-4503-1111-3},
 location             = {Vancouver, British Columbia, Canada},
 pages                = {255--258},
 publisher            = {ACM},
 series               = {LAK '12},
 title                = {Probability estimation and a competence model for rule based e-tutoring systems},
 url                  = {http://doi.acm.org/10.1145/2330601.2330663},
 year                 = {2012},
 }

@article{engagement,
 author               = {Beck,Joseph E.},
 journal              = {Artificial intelligence in education: Supporting learning through intelligent and socially informed technology},
 pages                = {88},
 publisher            = {Ios PressInc},
 title                = {Engagement tracing: using response times to model student disengagement},
 volume               = {125},
 year                 = {2005},
 }

@inproceedings{engageproficiency,
 author               = {Johns, J. and Woolf, B.},
 booktitle            = {Proceedings of the National Conference on Artificial Intelligence},
 number               = {1},
 organization         = {Menlo Park, CA; Cambridge, MA; London; AAAI Press; MIT Press; 1999},
 pages                = {163},
 title                = {A dynamic mixture model to detect student motivation and proficiency},
 volume               = {21},
 year                 = {2006},
 }

@book{hambleton,
 author               = {Hambleton, Ronald K},
 publisher            = {Sage Publications, Incorporated},
 title                = {Fundamentals of item response theory},
 year                 = {1991},
 }

@inproceedings{importance,
 author               = {Gong, Y. and Beck, J.},
 booktitle            = {Proceedings of the 4th International Conference on Educational Data Mining},
 pages                = {81--90},
 title                = {Items, skills, and transfer models: which really matters for student modeling},
 year                 = {2011},
 }

@book{irtest,
 author               = {Baker, F.B.},
 isbn                 = {9780824786366},
 publisher            = {Marcel Dekker Incorporated},
 series               = {Statistics: A Series of Textbooks and Monogrphs},
 title                = {Item Response Theory: Parameter Estimation Techniques},
 year                 = {1992},
 }

@inproceedings{knowledgeproblem,
 author               = {Beck, J.E.},
 booktitle            = {Educational Data Mining: Supplementary Proceedings of the 13th International Conference of Artificial Intelligence in Education},
 pages                = {21--30},
 title                = {Difficulties in inferring student knowledge from observations (and why you should care)},
 year                 = {2007},
 }

@article{ktpfa,
 author               = {Gong, Y. and Beck, J.E. and Heffernan, N.T.},
 journal              = {International Journal of Artificial Intelligence in Education},
 number               = {1},
 pages                = {27--46},
 publisher            = {IOS Press},
 title                = {How to construct more accurate student models: comparing and optimizing knowledge tracing and performance factor analysis},
 volume               = {21},
 year                 = {2011},
 }

@article{labelcombi,
 author               = {Koedinger, K.R. and McLaughlin, E.A. and Stamper, J.C.},
 title                = {Automated Student Model Improvement},
 }

@inproceedings{lfa,
 author               = {Cen, Hao and Koedinger, Kenneth and Junker, Brian},
 booktitle            = {Intelligent Tutoring Systems},
 organization         = {Springer},
 pages                = {164--175},
 title                = {Learning factors analysis--a general method for cognitive model evaluation and improvement},
 year                 = {2006},
 }

@inproceedings{lftransfer,
 author               = {Pavlik, P.I. and Cen, H. and Koedinger, K.R.},
 booktitle            = {Proceedings of the 2nd International Conference on Educational Data Mining},
 pages                = {121--130},
 title                = {Learning factors transfer analysis: Using learning curve analysis to automatically generate domain models},
 year                 = {2009},
 }

@book{mathstat,
 author               = {Marx, Morris L and Larsen, Richard J},
 publisher            = {Pearson/Prentice Hall},
 title                = {Introduction to mathematical statistics and its applications},
 year                 = {2006},
 }

@article{matrixfact,
 author               = {Beheshti, B. and Desmarais, M.},
 journal              = {User Modeling, Adaptation, and Personalization},
 pages                = {346--350},
 publisher            = {Springer},
 title                = {Improving matrix factorization techniques of student test data with partial order constraints},
 year                 = {2012},
 }

@article{modelreview,
 author               = {Desmarais, M.C. and Baker, R.S.J.},
 journal              = {User Modeling and User-Adapted Interaction},
 pages                = {1--30},
 publisher            = {Springer},
 title                = {A review of recent advances in learner and skill modeling in intelligent learning environments},
 year                 = {2012},
 }

@inproceedings{offtaskmodel,
 author               = {Baker, R.S.J.},
 booktitle            = {Proceedings of the SIGCHI conference on Human factors in computing systems},
 organization         = {ACM},
 pages                = {1059--1068},
 title                = {Modeling and understanding students' off-task behavior in intelligent tutoring systems},
 year                 = {2007},
 }

@inproceedings{pfa,
 author               = {Pavlik, P.I. and Cen, H. and Koedinger, K.R.},
 booktitle            = {Proceedings of the 2009 conference on Artificial Intelligence in Education: Building Learning Systems that Care: From Knowledge Representation to Affective Modelling},
 organization         = {IOS Press},
 pages                = {531--538},
 title                = {Performance Factors Analysis--A New Alternative to Knowledge Tracing},
 year                 = {2009},
 }

@article{POKS1,
 author               = {Desmarais, M. and Gagnon, M.},
 journal              = {Innovative Approaches for Learning and Knowledge Sharing},
 pages                = {111--124},
 publisher            = {Springer},
 title                = {Bayesian student models based on item to item knowledge structures},
 year                 = {2006},
 }

@inproceedings{skillcombi,
 author               = {Cen, Hao and Koedinger, Kenneth and Junker, Brian},
 booktitle            = {Intelligent Tutoring Systems},
 organization         = {Springer},
 pages                = {796--798},
 title                = {Comparing two IRT models for conjunctive skills},
 year                 = {2008},
 }
